

%Bibliografía para Elsevier (Information and Software Technologiy)
%Aguilar, Septiembre 16 de 2010.

@misc{UML,
    author={{Unified Modeling Language}},
    title={{\url{http://www.uml.org}}}
}
%---
@misc{MDA,
    author={{Model Driven Architecture}},
    title={{\url{http://www.omg.org/mda/}}}
}
%---
@misc{OMG/QVT,
    author={{QVT Language}},
    title={{\url{http://www.omg.org/cgi-bin/doc?ptc/2005-11-01}}}
}
%---
@misc{OMG,
    author={{Object Management Group}},
    title={{\url{http://www.omg.org}}}
}
%---
@misc{ECLIPSE,
    author={{E}clipse},
    year={2010},
    title={\url{http://www.eclipse.org/}},
    institution={Eclipse Foundation}
}
%---
@misc{ATL,
    author={{ATLAS} Transformation Language},
    title={\url{http://www.eclipse.org/m2m/atl/}}
}
%---
@misc{MEDINI,
    author={medini{QVT}},
    title={\url{http://projects.ikv.de/qvt}}
}
%---
@inproceedings{DBLP:conf/caise/GarrigosG06,
  author    = {Irene Garrig{\'o}s and
               Jaime G{\'o}mez},
  title     = {Modeling User Behaviour Aware WebSites with PRML},
  booktitle = {WISM},
  year      = {2006},
  ee        = {http://ceur-ws.org/Vol-239/paper6.pdf},
  bibsource = {DBLP, http://dblp.uni-trier.de}
}
%---
@inproceedings{KochModelTRans,
  author    = {Nora Koch and
               Gefei Zhang and
               Mar\'{\i}a Jos{\'e} Escalona Cuaresma},
  title     = {Model transformations from requirements to web system design},
  booktitle = {ICWE},
  year      = {2006},
  pages     = {281-288},
  ee        = {http://doi.acm.org/10.1145/1145581.1145637},
  bibsource = {DBLP, http://dblp.uni-trier.de}
}
%---
@article{EscalonaK04,
  author    = {Mar\'{\i}a Jos{\'e} Escalona and Nora Koch},
  title     = {Requirements Engineering for Web Applications - A Comparative
               Study},
  journal   = {J. Web Eng.},
  volume    = {2},
  number    = {3},
  year      = {2004},
  pages     = {193-212},
  bibsource = {DBLP, http://dblp.uni-trier.de}
}
%---
@inproceedings{DBLP:conf/webist/EscalonaK06,
  author    = {Mar\'{\i}a Jos{\'e} Escalona Cuaresma and
               Nora Koch},
  title     = {Metamodeling the Requirements of Web Systems},
  booktitle = {WEBIST (1)},
  year      = {2006},
  pages     = {310-317},
  bibsource = {DBLP, http://dblp.uni-trier.de}
}
%---
@PhdThesis{irene08,
  author =   {Irene Garrig{\'o}s},
  title =    {A-OOH: Extending Web Application Design with Dynamic
              Personalization},
  school =   {University of Alicante, Spain},
  year =     {2008}
}
%---
@PhdThesis{Yu95,
  author =   {Eric Yu},
  title =    {Modelling Strategic Relationships for Process Reenginering},
  school =   {University of Toronto, Canada},
  year =     {1995}
}
%---
@inproceedings{DBLP:conf/re/Yu97,
  author    = {Eric Yu},
  title     = {Towards Modeling and Reasoning Support for Early-Phase Requirements
               Engineering},
  booktitle = {RE},
  year      = {1997},
  pages     = {226-235},
  ee        = {http://computer.org/proceedings/re/7740/77400226abs.htm},
  bibsource = {DBLP, http://dblp.uni-trier.de}
}
%---
@article{istarWiki,
    author={i* wiki},
    title={\url{http://istar.rwth-aachen.de}}
}
%---
@inproceedings{DBLP:conf/caise/EstradaRPM06,
  author    = {Hugo Estrada and
               Alicia Mart\'{\i}nez Rebollar and
               Oscar Pastor and
               John Mylopoulos},
  title     = {An Empirical Evaluation of the {\it }* Framework in a
               Model-Based Software Generation Environment},
  booktitle = {CAiSE},
  year      = {2006},
  pages     = {513-527},
  bibsource = {DBLP, http://dblp.uni-trier.de}
}
%---
@article{DBLP:journals/re/BolchiniP04,
  author    = {Davide Bolchini and
               Paolo Paolini},
  title     = {Goal-driven requirements analysis for hypermedia-intensive
               Web applications},
  journal   = {Requir. Eng.},
  volume    = {9},
  number    = {2},
  year      = {2004},
  pages     = {85-103},
  ee        = {http://dx.doi.org/10.1007/s00766-004-0188-2},
  bibsource = {DBLP, http://dblp.uni-trier.de}
}
%---
@inproceedings{Hera,
  author    = {Sven Casteleyn and
               William Van Woensel and
               Geert-Jan Houben},
  title     = {A semantics-based aspect-oriented approach to adaptation
               in web engineering},
  booktitle = {Hypertext},
  year      = {2007},
  pages     = {189-198},
}
%---
@inproceedings{Koch02,
  author    = {Nora Koch},
  title     = {The Expressive Power of UML-based Web Engineering},
  booktitle   = {International Workshop on Web-oriented Software Technology (IWWOST)}, 
  year      = {2002},
  pages     = {40-41},
}
%---
@inproceedings{Garrigos09,
  author    = {Irene Garrig{\'o}s and
               Jose-Norberto Maz{\'o}n and
               Juan Trujillo},
  title     = {A Requirement Analysis Approach for Using i* in Web Engineering},
  booktitle = {ICWE},
  year      = {2009},
  pages     = {151-165},
  bibsource = {DBLP, http://dblp.uni-trier.de}
}
%---
@techreport{Kitchenham04,   
    author = {Kitchenham, B.},
    institution = {Keele University and NICTA},
    journal = {Technical Report TR/SE-0401},
    title = {Procedures for performing systematic reviews},
    year = {2004}
}
%---
@article{staples-niazi:2007,
    author = {Staples, Mark and Niazi, Mahmood},
    journal = {The Journal of Systems and Software},
    pages = {1425--1437},
    title = {Experiences using systematic review guidelines},
    volume = {80},
    year = {2007}
}
%---
@conference{almeida2006requirements,
  title={Requirements traceability and transformation conformance in model-driven development},
  author={Almeida, J.P. and Van Eck, P. and Iacob, M.E.},
  booktitle={10th IEEE International Enterprise Distributed Object Computing Conference, 2006. EDOC'06},
  pages={355--366},
  year={2006}
}
%---
@conference{gotel1994analysis,
  title={An analysis of the requirements traceability problem},
  author={Gotel, O. and Finkelstein, A.},
  booktitle={Proceedings of the First International Conference on Requirements Engineering},
  pages={94--101},
  year={1994},
}
%---
@article{brown2004model,
  title={{Model driven architecture: Principles and practice}},
  author={Brown, A.W.},
  journal={Software and Systems Modeling},
  volume={3},
  number={4},
  pages={314--327},
  year={2004},
  publisher={Springer}
}
%---
@article{lisboa2010systematic,
  title={{A systematic review of domain analysis tools}},
  author={Lisboa, L.B. and Garcia, V.C. and Lucr{\'e}dio, D. and de Almeida, E.S. and de Lemos Meira, S.R. and de Mattos Fortes, R.P.},
  journal={Information and Software Technology},
  volume={52},
  number={1},
  pages={1--13},
  year={2010},
  publisher={Elsevier}
}
%---
@incollection {Escalona2007,
   author = {Escalona, Mar\'{\i}a Jos\'{e} and Koch, Nora},
   title = {Metamodeling the Requirements of Web Systems},
   booktitle = {Web Information Systems and Technologies (WEBIST)},
   series = {Lecture Notes in Business Information Processing},
   editor = {Aalst, Will and Mylopoulos, John and Sadeh, Norman M. and Shaw, Michael J. and Szyperski, Clemens and Filipe, Joaquim and Cordeiro, José and Pedrosa, Vitor},
   publisher = {Springer Berlin Heidelberg},
   pages = {267-280},
   volume = {1},
   year = {2007}
}
%---
@inproceedings{Koch2006,
 author = {Koch, Nora and Zhang, Gefei and Escalona, Mar\'{\i}a Jos\'{e}},
 title = {Model transformations from requirements to web system design},
 booktitle = {ICWE '06: Proceedings of the 6th international conference on Web engineering},
 year = {2006},
 pages = {281--288},
 publisher = {ACM},
 address = {New York, NY, USA},
 }
%---
@article{Valderas2009,
 author = {Valderas, Pedro and Pelechano, Vicente},
 title = {Introducing requirements traceability support in model-driven development of web applications},
 journal = {Inf. Softw. Technol.},
 volume = {51},
 number = {4},
 year = {2009},
 pages = {749--768},
 publisher = {Butterworth-Heinemann},
 address = {Newton, MA, USA},
 }
%---
@inproceedings{Baresi2001,
 author = {Baresi, L. and Garzotto, F. and Paolini, P.},
 title = {Extending UML for Modeling Web Applications},
 booktitle = {HICSS '01: Proceedings of the 34th Annual Hawaii International Conference on System Sciences ( HICSS-34)-Volume 3},
 year = {2001},
 isbn = {0-7695-0981-9},
 pages = {3055},
 publisher = {IEEE Computer Society},
 address = {Washington, DC, USA},
 }
%---
@article{Molina2009,
 author = {Molina, Fernando and Toval, Ambrosio},
 title = {Integrating usability requirements that can be evaluated in design time into Model Driven Engineering of Web Information Systems},
 journal = {Adv. Eng. Softw.},
 volume = {40},
 number = {12},
 year = {2009},
 pages = {1306--1317},
 publisher = {Elsevier Science Ltd.},
 address = {Oxford, UK, UK},
 }
%---
@inproceedings{Bolchini2003,
 author = {Bolchini, Davide and Mylopoulos, John},
 title = {From Task-Oriented to Goal-Oriented Web Requirements Analysis},
 booktitle = {WISE '03: Proceedings of the Fourth International Conference on Web Information Systems Engineering},
 year = {2003},
 isbn = {0-7695-1999-7},
 pages = {166},
 publisher = {IEEE Computer Society},
 address = {Washington, DC, USA},
 }
%---
@inproceedings{KochN2006,
 author = {Koch, Nora},
 title = {Transformation techniques in the model-driven development process of UWE},
 booktitle = {ICWE '06: Workshop proceedings of the sixth international conference on Web engineering},
 year = {2006},
 pages = {3},
 publisher = {ACM},
 address = {New York, NY, USA},
 }
%---
@article{NDT,
 author = {Escalona, Maria J. and Arag\'{o}n, Gustavo},
 title = {NDT. A Model-Driven Approach for Web Requirements},
 journal = {IEEE Transactions on Software Engineering},
 volume = {34},
 number = {3},
 year = {2008},
 pages = {377--390},
 publisher = {IEEE Press},
 address = {Piscataway, NJ, USA},
 }
%---
@article{WebML,
 author = {Ceri, Stefano and Fraternali, Piero and Bongio, Aldo},
 title = {Web Modeling Language (WebML): a modeling language for designing Web sites},
 journal = {The International Journal of Computer and Telecommunications Networking},
 volume = {33},
 number = {1-6},
 year = {2000},
 pages = {137--157},
 publisher = {Elsevier North-Holland, Inc.},
 address = {New York, NY, USA},
 }
%---
@article{WSDM,
 author = {De Troyer, O. M. F. and Leune, C. J.},
 title = {WSDM: a user centered design method for Web sites},
 journal = {Comput. Netw. ISDN Syst.},
 volume = {30},
 number = {1-7},
 year = {1998},
 pages = {85--94},
 publisher = {Elsevier Science Publishers B. V.},
 address = {Amsterdam, The Netherlands, The Netherlands},
 }
%---
@inproceedings{Koch2002,
    author = {Koch, N. and Kraus, A.},
    title = {The expressive Power of UML-based Web Engineering},    
	 booktitle = {IWWOST 02: Second Int. Worskhop on Web-oriented Software Technology},
    year = {2002},
}
%---
@inproceedings{Koch2009,
 author = {Koch, Nora and Pigerl, Matthias and Zhang, Gefei and Morozova, Tatiana},
 title = {Patterns for the Model-Based Development of RIAs},
 booktitle = {ICWE '9: Proceedings of the 9th International Conference on Web Engineering},
 year = {2009},
 pages = {283--291},
 publisher = {Springer-Verlag},
 address = {Berlin, Heidelberg},
 }
%---
@inproceedings{Busch2009,
 author = {Busch, Marianne and Koch, Nora},
 title = {MagicUWE: A CASE Tool Plugin for Modeling Web Applications},
 booktitle = {ICWE '9: Proceedings of the 9th International Conference on Web Engineering},
 year = {2009},
 pages = {505--508},
 publisher = {Springer-Verlag},
 address = {Berlin, Heidelberg},
 }
%---
@incollection {Kroiss2009,
   author = {Kroiss, Christian and Koch, Nora and Knapp, Alexander},
   title = {UWE4JSF: A Model-Driven Generation Approach for Web Applications},
   booktitle = {Web Engineering},
   series = {Lecture Notes in Computer Science},
   editor = {Gaedke, Martin and Grossniklaus, Michael and Díaz, Oscar},
   publisher = {Springer Berlin / Heidelberg},
   pages = {493-496},
   volume = {5648},
   year = {2009},
}
%---
@inproceedings{Cachero02,
    author = {Cristina Cachero and Jaime G\'{o}mez},
    title = {Advanced Conceptual Modeling of Web Applications: Embedding Operation},
    booktitle = {Interfaces in Navigation Design. 21th International Conference on Conceptual Modeling. El Escorial},
    year = {2002},
}
%---
@inproceedings{sven05,
  author    = {Sven Casteleyn and Irene Garrig\'{o}s and Olga De Troyer},
  title     = {Automatic Runtime Validation and Correction of the Navigational
               Design of Web Sites},
  booktitle = {APWeb},
  year      = {2005},
  pages     = {453-463},
}
%---
@inproceedings{HeraS07,
 author = {Casteleyn, Sven and Van Woensel, William and Houben, Geert-Jan},
 title = {A semantics-based aspect-oriented approach to adaptation in web engineering},
 booktitle = {HT '07: Proceedings of the eighteenth conference on Hypertext and hypermedia},
 year = {2007},
 pages = {189--198},
 location = {Manchester, UK},
 publisher = {ACM},
 address = {New York, NY, USA},
 }

%---
@inproceedings{CeriM03,
  author    = {Stefano Ceri and
               Ioana Manolescu},
  title     = {Constructing and integrating data-centric Web Applications:
               Methods, Tools, and Techniques},
  booktitle = {VLDB},
  year      = {2003},
  pages     = {1151}
}
%---
@conference{escalona2004developing,
  title={{Developing systems with NDT \& NDT-Tool}},
  author={Escalona, MJ and Mej{\'\i}as, M. and Torres, J.},
  booktitle={13th International conference on information systems development: methods and tools, theory and practice, Vilna, Lithuania},
  pages={149--59},
  year={2004}
}
%---
@inproceedings{WebMLMetamodel,
 author = {Moreno, Nathalie and Fraternalli, Piero and Vallecillo, Antonio},
 title = {A UML 2.0 profile for WebML modeling},
 booktitle = {ICWE '06: Workshop proceedings of the sixth international conference on Web engineering},
 year = {2006},
 pages = {4},
 publisher = {ACM},
 address = {New York, NY, USA},
 }
%---
@INPROCEEDINGS{OOWS2003,
    author = {Joan Fons and Pedro Valderas and Marta Ruiz and Gonzalo Rojas and Oscar Pastor},
    title = {OOWS: A method to develop web applications from web-oriented conceptual models},
    booktitle = {International Workshop on Web Oriented Software Technology (IWWOST). (2003) 6570},
    year = {2003},
    pages = {65--70}
}
%---
@incollection {OOMethod2004,
   author = {Pastor, Oscar and Pelechano, Vicente and Insfrán, Emilio and Gómez, Jaime},
   title = {From Object Oriented Conceptual Modeling to Automated Programming in Java},
   booktitle = {Conceptual Modeling  ER 98},
   series = {Lecture Notes in Computer Science},
   editor = {Ling, Tok Wang and Ram, Sudha and Lee, Mong Li},
   publisher = {Springer Berlin / Heidelberg},
   pages = {183-196},
   volume = {1507},
   year = {2004}
}
%---
@PhdThesis{TesisFonsOOWS,
    author = {Joan Fons Cors},
    title = {{OOWS: Un Metode Dirigit per Models per al Desenvolupament d Aplicacions Web}},
    school = {Departamento de Sistemas Inform{\'a}ticos y Computaci{\'o}n, Universidad Polit{\'e}cnica de Valencia},
    year = 2008,
    type = {Tesis Doctoral en Informática}
}
%---
@inproceedings{OOWS2001,
 author = {Pastor, Oscar and Abrah\, {a}o, Silvia Mara and Fons, Joan},
 title = {An Object-Oriented Approach to Automate Web Applications Development},
 booktitle = {EC-Web 2001: Proceedings of the Second International Conference on Electronic Commerce and Web Technologies},
 year = {2001},
 pages = {16--28},
 publisher = {Springer-Verlag},
 address = {London, UK},
 }
%---
@article{valverde2007oows,
  title={{OOWS Suite: Un Entorno de desarrollo para Aplicaciones Web basado en MDA}},
  author={Valverde, F. and Valderas, P. and Fons, J.},
  journal={IDEAS, Venezuela},
  year={2007}
}
%---
@article{OOWSMDA,
  title={{Aplicaci{\'o}n de MDA al Desarrollo de Aplicaciones Web en OOWS}},
  author={Quintero, R. and Pelechano, V. and Pastor, O. and Fons, J.},
  journal={Jornadas de Ingenier{\'\i}a de Software y Base de Datos (JISBD), VIII},
  pages={84--668},
  year={2003}
}
%---
@inproceedings{GomezOOH,
 author = {G\'{o}mez, Jaime and Cachero, Cristina and Pastor, Oscar},
 title = {Extending a Conceptual Modelling Approach to Web Application Design},
 booktitle = {CAiSE '00: Proceedings of the 12th International Conference on Advanced Information Systems Engineering},
 year = {2000},
 pages = {79--93},
 publisher = {Springer-Verlag},
 address = {London, UK},
 }
%--
@article{RevistaIrene2010,
 author = {Garrig\'{o}s, Irene and Gomez, Jaime and Houben, Geert-Jan},
 title = {Specification of personalization in web application design},
 journal = {Inf. Softw. Technol.},
 volume = {52},
 number = {9},
 year = {2010},
 pages = {991--1010},
 publisher = {Butterworth-Heinemann},
 address = {Newton, MA, USA},
 }
%---
@article{JacobsonRUP,
  author    = {Ivar Jacobson and
               Grady Booch and
               James E. Rumbaugh},
  title     = {Excerpt from ``The Unified Software Development Process'':
               The Unified Process},
  journal   = {IEEE Software},
  volume    = {16},
  number    = {3},
  year      = {1999},
  pages     = {82-90}
}
%---
@article{HMD1993,
 author = {Garzotto, Franca and Paolini, Paolo and Schwabe, Daniel},
 title = {HDM---a model-based approach to hypertext application design},
 journal = {ACM Transactions on Information Systems (TOIS)},
 volume = {11},
 number = {1},
 year = {1993},
 pages = {1--26},
 publisher = {ACM},
 address = {New York, NY, USA},
 }
%---
@article{OOHDM1995,
  author    = {Daniel Schwabe and Gustavo Rossi},
  title     = {The Object-Oriented Hypermedia Design Model},
  journal   = {Communications of the ACM},
  volume    = {38},
  number    = {8},
  year      = {1995},
  pages     = {45-46},
}
%---
@article{schwabe1998,
  author    = {Daniel Schwabe and Gustavo Rossi},
  title     = {An Object Oriented Approach to Web-Based Applications Design},
  journal   = {Theory and Practice of Object Systems (TAPOS)},
  volume    = {4},
  number    = {4},
  year      = {1998},
  pages     = {207-225}
}
%---
@article{OOHDMTool,
 author = {Schwabe, Daniel and de Almeida Pontes, Rita and Moura, Isbela},
 title = {OOHDM-Web: an environment for implementation of hypermedia applications in the WWW},
 journal = {ACM SIGWEB Newsletter},
 volume = {8},
 number = {2},
 year = {1999},
 pages = {18--34},
 publisher = {ACM},
 address = {New York, NY, USA},
 }
%---
@article{HeraVdovjak2003,
  title={Engineering semantic web information systems in hera},
  author={Vdovjak, R. and Frasincar, F. and Houben, G.J. and Barna, P.},
  journal={Journal of Web Engineering},
  volume={2},
  pages={3--26},
  year={2003},
}
%---
@article{HeraHouben2003,
  title={{Hera: Development of semantic web information systems}},
  author={Houben, G.J. and Barna, P. and Frasincar, F. and Vdovjak, R.},
  journal={Web Engineering},
  pages={529--538},
  year={2003},
  publisher={Springer}
}
%---
@inproceedings{HeraWorkflow,
 author = {Barna, Peter and Frasincar, Flavius and Houben, Geert-Jan},
 title = {A workflow-driven design of web information systems},
 booktitle = {ICWE 06: Proceedings of the 6th international conference on Web engineering},
 year = {2006},
 pages = {321--328},
 publisher = {ACM},
 address = {New York, NY, USA},
 }
%---
@inproceedings{aguilarDSDM,
  title={Modelos de weaving para trazabilidad de requisitos Web en A-OOH},
  author={Aguilar, Jos{\'e} Alfonso and Garrig{\'o}s, Irene and Maz{\'o}n, Jose-Norberto},
  booktitle={DSDM: Actas del VII Taller sobre Desarrollo de Software Dirigido por Modelos, JISBD, Congreso Espanol de Informatica (CEDI)},
  year = {2010},
  pages = {146-155},
  publisher = {SISTEDES},
  address = {Valencia, Espa{n}a},
}
%---
@conference{AtlasModelWeaver,
  title={{Weaving Models with the Eclipse AMW plugin}},
  author={Del Fabro, M.D. and B{\'e}zivin, J. and Valduriez, P.},
  booktitle={Eclipse Modeling Symposium, Eclipse Summit Europe},
  volume={2006},
  year={2006},
  organization={Citeseer}
}
%---
@incollection {KochTypesOfReq,
   author = {Koch, Nora and Knapp, Alexander and Zhang, Gefei and Baumeister, Hubert},
   title = {Uml-Based Web Engineering},
   booktitle = {Web Engineering: Modelling and Implementing Web Applications},
   series = {Human-Computer Interaction Series},  
   publisher = {Springer London},
   pages = {157-191},
   year = {2008}
}
%---
@conference{mendes2005systematic,
  title={{A systematic review of Web engineering research}},
  author={Mendes, E.},
  booktitle={Empirical Software Engineering, 2005. 2005 International Symposium on},
  pages={10},
  year={2005},
  organization={IEEE}
}
%---
@article{nicolas2009SLR,
  title={{On the generation of requirements specifications from software engineering models: A systematic literature review}},
  author={Nicol{\'a}s, J. and Toval, A.},
  journal={Information and Software Technology},
  volume={51},
  number={9},
  pages={1291--1307},
  year={2009},
  publisher={Elsevier}
}
%---
@incollection {PaperWebRatio,
   author = {Acerbis, Roberto and Bongio, Aldo and Brambilla, Marco and Butti, Stefano and Ceri, Stefano and Fraternali, Piero},
   affiliation = {WebModels S.r.l. Piazzale Gerbetto, 6. I22100 Como Italy},
   title = {Web Applications Design and Development with WebML and WebRatio 5.0},
   booktitle = {Objects, Components, Models and Patterns},
   series = {Lecture Notes in Business Information Processing},
   editor = {Aalst, Will and Mylopoulos, John and Sadeh, Norman M. and Shaw, Michael J. and Szyperski, Clemens and Paige, Richard F. and Meyer, Bertrand},
   publisher = {Springer Berlin Heidelberg},
   pages = {392-411},
   volume = {11},
   year = {2008}
}

%---
@inproceedings{ReqEngRoad,
  author    = {Bashar Nuseibeh and
               Steve M. Easterbrook},
  title     = {Requirements engineering: a roadmap},
  booktitle = {ICSE - Future of SE Track},
  year      = {2000},
  pages     = {35-46},
}
%---
@INPROCEEDINGS{Troyer01theconference,
    author = {Olga De Troyer and Sven Casteleyn},
    title = {The Conference Review System with WSDM},
    booktitle = {IWWOST01},
    year = {2001},
    pages = {30--98}
}
%---
@incollection {ReqPersoOOWS,
   author = {Fons, J. and García, F. and Pelechano, V. and Pastor, O.},
   title = {User Profiling Capabilities in OOWS},
   booktitle = {Web Engineering},
   series = {Lecture Notes in Computer Science},
   editor = {Lovelle, Juan and Rodríguez, Bernardo and Gayo, Jose and del Puerto Paule Ruiz, María and Aguilar, Luis},
   publisher = {Springer Berlin / Heidelberg},
   pages = {457-461},
   volume = {2722},
   year = {2003}
}
%---
@incollection {PerOOWS2,
   author = {Abrahão, Silvia and Fons, Joan and González, Magalí and Pastor, Oscar},
   title = {Conceptual Modeling of Personalized Web Applications},
   booktitle = {Adaptive Hypermedia and Adaptive Web-Based Systems},
   series = {Lecture Notes in Computer Science},
   editor = {De Bra, Paul and Brusilovsky, Peter and Conejo, Ricardo},
   publisher = {Springer Berlin / Heidelberg},
   pages = {358-362},
   volume = {2347},
   year = {2006}
}
%---
@INPROCEEDINGS{AdaptivityUWE,
    author = {Hubert Baumeister and Nora Koch and Gefei Zhang},
    title = {Modelling Adaptivity with Aspects},
    booktitle = {International Conference on Web Engineering (ICWE 2005},
    year = {2005},
    pages = {406--416},
    publisher = {Springer Verlag}
}
%---
@INPROCEEDINGS{ServiceReWebML,
    author = {Aldo Bongio and Politecnico Di Milano and Piero Fraternali and Andrea Maurino and Stefano Ceri},
    title = {Modeling data entry and operations in WebML},
    booktitle = {The World Wide Web and Databases (WebDB, Selected Papers},
    year = {2000},
    pages = {201--214}
}
%---
@book{RossiPastorEtAl2008,
  address = {London},
  editor = {Rossi, Gustavo and Pastor, Oscar and Schwabe, Daniel and Olsina, Luis},
  publisher = {Springer},
  title = {Web Engineering: Modelling and Implementing Web Applications},
  year = 2008,

}
%---
@PhdThesis{TesisAdapOOWSDataTransReq,
  author =   {Gonzalo Eduardo Rojas Dur{\'a}n},
  title =    {Modelling Adaptative Web Applications in OOWS},
  school =   {Technical University of Valencia, Spain},
  year =     {2008}
}
%---
@PhdThesis{TesisHera,
  author =   {Richard Vdovjak},
  title =    {A Model-driven Approach for Building Distributed Ontology-based Web Applications},
  school =   {Technische Universiteit Eindhoven, Eindhoven},
  year =     {2005}
}
%---
@ARTICLE{KitchenhamSLRExample, 
author={Kitchenham, B.A. and Mendes, E. and Travassos, G.H.}, 
journal={Software Engineering, IEEE Transactions on}, title={Cross versus Within-Company Cost Estimation Studies: A Systematic Review}, 
year={2007}, 
month=may , 
volume={33}, 
number={5}, 
pages={316 -329},
}
@article{KitchenhamSLRExample2010,
 author = {Kitchenham, Barbara and Pretorius, Rialette and Budgen, David and Pearl Brereton, O. and Turner, Mark and Niazi, Mahmood and Linkman, Stephen},
 title = {Systematic literature reviews in software engineering - A tertiary study},
 journal = {Inf. Softw. Technol.},
 volume = {52},
 month = {August},
 year = {2010},
 pages = {792--805},
 publisher = {Butterworth-Heinemann},
 address = {Newton, MA, USA},
}
%---
@ARTICLE{SLRExampleStructure, 
author={Jorgensen, M. and Shepperd, M.}, 
journal={Software Engineering, IEEE Transactions on}, title={A Systematic Review of Software Development Cost Estimation Studies}, 
year={2007}, 
volume={33}, 
number={1}, 
pages={33 -53}, 
}
%---
@PhdThesis{TesisWSDMTool,
  author =   {Wilder, Kevin Van},
  title =    {Implementation Generation for WSDM using Web Applications Framework},
  school =   {University of Brussel},
  year =     {2009}
}

%---
@phdthesis{Valverde2009,
author = {Valverde, Francisco},
school = {Universidad Polit\'{e}cnica de Valencia, Espa\~{n}a},
title = {{OOWS 2.0: Un M\'{e}todo de Ingenier\'{\i}a Web Dirigido por Modelos para la Producci\'{o}n de Aplicaciones Web 2.0}},
year = {2009}
}
%---
@article{HDM,
 author = {Garzotto, Franca and Paolini, Paolo and Schwabe, Daniel},
 title = {HDM a model-based approach to hypertext application design},
 journal = {ACM Trans. Inf. Syst.},
 volume = {11},
 month = {January},
 year = {1993},
 pages = {1--26},
 publisher = {ACM},
}

%---
@techreport{ReqSpecMethods,   
    author = {Bass, L. and Merson, P. and Clements, Paul and Bergey, J. and Ozkaya, I. and Sangwan, R.},
    institution = {Software Engineering Institute, Carnegie Mellon University},
    journal = {Technical Report SEI-2006-TR-013},
    title = {A Comparison of Requirements Specification Methods from a Software Architecture Perspective},
    year = {2006}
}
%--
@conference{UWEMDA,
  title={{Transformation techniques in the model-driven development process of UWE}},
  author={Koch, N.},
  booktitle={Workshop proceedings of the sixth international conference on Web engineering},
  pages={3},
  year={2006},
  organization={ACM}
}
%---
@Article{Aguilar_jucs,
  author =     "Aguilar, Jos\'{e} Alfonso and Garrig\'{o}s, Irene and Maz\'{o}n, Jose Norberto and Trujillo, Juan",
  title =      "An MDA Approach for Goal-oriented Requirement Analysis in Web Engineering",
  journal =    "Journal of Universal Computer Science JUCS",
  year =       "2010",
  volume =     "16",
  number =     "17",
  pages =      "2475--2494",
  note =       "\url|http://www.jucs.org/jucs_16_17/an_mda_approach_for|"
}
%---
@ARTICLE{Ramesh01towardreference,
    author = {Bala Ramesh and Matthias Jarke},
    title = {Toward reference Models for Requirements Traceability},
    journal = {IEEE Transactions on Software Engineering},
    year = {2001},
    volume = {27},
    pages = {58--93}
}
%---
@inproceedings{Aguilar2010,
address = {Valencia, Spain},
author = {Aguilar, Jos\'{e} Alfonso and Garrig\'{o}s, Irene and Maz\'{o}n, Jose Norberto and Trujillo, Juan},
booktitle = {6th Web Information Systems and Technologies (WEBIST)},
pages = {187--190},
publisher = {SciTePress Digital Library},
title = {{Web Engineering approaches for requirement analysis- A Systematic Literature Review}},
volume = {2},
year = {2010}
}
%---
@conference{barbero2007traceability,
  title={{Traceability and provenance issues in global model management}},
  author={Barbero, M. and Del Fabro, M.D. and B{\'e}zivin, J.},
  booktitle={3rd ECMDA-Traceability Workshop},
  year={2007},
  organization={Citeseer}
}

%---
@ARTICLE{RequirementsAcquisition,
author={Shaw, M.L.G. and Gaines, B.R.},
journal={Software Engineering Journal}, 
title={Requirements acquisition},
year={1996},
volume={11},
number={3},
pages={149 -165},
}
%---
@ARTICLE{ACRE,
author={Maiden, N.A.M. and Rugg, G.},
journal={Software Engineering Journal}, title={ACRE: selecting methods for requirements acquisition},
year={1996},
volume={11},
number={3},
pages={183 -192},
}
%---
@INPROCEEDINGS{ASocialana,
author={Viller, S. and Sommerville, I.},
booktitle={Requirements Engineering, 1999. Proceedings. IEEE International Symposium on}, title={Social analysis in the requirements engineering process: from ethnography to method},
year={1999},
volume={},
number={},
pages={6 -13},
}
%---
@book{Sommerville:1995:SE:211474,
 author = {Sommerville, Ian},
 title = {Software engineering (5th ed.)},
 year = {1995},
 isbn = {0-201-42765-6},
 publisher = {Addison Wesley Longman Publishing Co., Inc.},
 address = {Redwood City, CA, USA},
} 
%---
@inproceedings{Estublier,
 author = {Estublier, Jacky},
 title = {Software configuration management: a roadmap},
 booktitle = {Proceedings of the Conference on The Future of Software Engineering},
 series = {ICSE '00},
 year = {2000},
 isbn = {1-58113-253-0},
 location = {Limerick, Ireland},
 pages = {279--289},
 numpages = {11},
 publisher = {ACM},
 address = {New York, NY, USA},
} 













